@inproceedings{Dou2021WordAB,
  title={Word Alignment by Fine-tuning Embeddings on Parallel Corpora},
  author={Zi-Yi Dou and Graham Neubig},
  booktitle={EACL},
  year={2021}
}

@article{Krishnan2021MultilingualCF,
  title={Multilingual Code-Switching for Zero-Shot Cross-Lingual Intent Prediction and Slot Filling},
  author={Jitin Krishnan and Antonios Anastasopoulos and Hemant Purohit and H. Rangwala},
  journal={ArXiv},
  year={2021},
  volume={abs/2103.07792}
}

@article{Tan2021CodeMixingOS,
  title={Code-Mixing on Sesame Street: Dawn of the Adversarial Polyglots},
  author={Samson Tan and Shafiq Joty},
  journal={ArXiv},
  year={2021},
  volume={abs/2103.09593}
}

@inproceedings{Choe2020word2wordAC,
  title={word2word: A Collection of Bilingual Lexicons for 3, 564 Language Pairs},
  author={Yo Joong Choe and Kyubyong Park and D. Kim},
  booktitle={LREC},
  year={2020}
}

@inproceedings{Conneau2020UnsupervisedCR,
  title={Unsupervised Cross-lingual Representation Learning at Scale},
  author={Alexis Conneau and Kartikay Khandelwal and Naman Goyal and Vishrav Chaudhary and Guillaume Wenzek and Francisco Guzm{\'a}n and E. Grave and Myle Ott and Luke Zettlemoyer and Veselin Stoyanov},
  booktitle={ACL},
  year={2020}
}

@inproceedings{Devlin2019BERTPO,
  title={BERT: Pre-training of Deep Bidirectional Transformers for Language Understanding},
  author={J. Devlin and Ming-Wei Chang and Kenton Lee and Kristina Toutanova},
  booktitle={NAACL-HLT},
  year={2019}
}

@article{Xu2020EndtoEndSA,
  title={End-to-End Slot Alignment and Recognition for Cross-Lingual NLU},
  author={Weijia Xu and Batool Haider and Saab Mansour},
  journal={ArXiv},
  year={2020},
  volume={abs/2004.14353}
}
