@article{bilinguals,
    author = {Poplack, Shana and SANKOFF, DAVID and MILLER, CHRISTOPHER},
    year = {1988},
    pages = {47-104},
    title = {The social correlates and linguistic processes of lexical borrowing and assimilation},
    volume = {26},
    journal = {Linguistics},
}

@inproceedings{devlin-etal-2019-bert,
    title = "{BERT}: Pre-training of Deep Bidirectional Transformers for Language Understanding",
    author = "Devlin, Jacob  and
      Chang, Ming-Wei  and
      Lee, Kenton  and
      Toutanova, Kristina",
    booktitle = "Proceedings of the 2019 Conference of the North {A}merican Chapter of the Association for Computational Linguistics: Human Language Technologies, Volume 1 (Long and Short Papers)",
    year = "2019",
    pages = "4171--4186",
}

@article{Fan2020BeyondEM,
    title = {Beyond English-Centric Multilingual Machine Translation},
    author = {Angela Fan and Shruti Bhosale and Holger Schwenk and Z. Ma and Ahmed El-Kishky and Siddharth Goyal and Mandeep Baines and Onur Celebi and Guillaume Wenzek and Vishrav Chaudhary and Naman Goyal and Tom Birch and Vitaliy Liptchinsky and Sergey Edunov and Edouard Grave and Michael Auli and Armand Joulin},
    journal = {ArXiv},
    year = {2020},
    volume = {abs/2010.11125}
}

@inproceedings{Dou2021WordAB,
    title = {Word Alignment by Fine-tuning Embeddings on Parallel Corpora},
    author = {Zi-Yi Dou and Graham Neubig},
    booktitle = {EACL},
    year = {2021}
}

@article{Krishnan2021MultilingualCF,
    title = {Multilingual Code-Switching for Zero-Shot Cross-Lingual Intent Prediction and Slot Filling},
    author = {Jitin Krishnan and Antonios Anastasopoulos and Hemant Purohit and H. Rangwala},
    journal = {ArXiv},
    year = {2021},
    volume = {abs/2103.07792}
}

@article{Tan2021CodeMixingOS,
    title = {Code-Mixing on Sesame Street: Dawn of the Adversarial Polyglots},
    author = {Samson Tan and Shafiq Joty},
    journal = {ArXiv},
    year = {2021},
    volume = {abs/2103.09593}
}

@inproceedings{Conneau2020UnsupervisedCR,
    title = {Unsupervised Cross-lingual Representation Learning at Scale},
    author = {Alexis Conneau and Kartikay Khandelwal and Naman Goyal and Vishrav Chaudhary and Guillaume Wenzek and Francisco Guzm{\'a}n and E. Grave and Myle Ott and Luke Zettlemoyer and Veselin Stoyanov},
    booktitle = {ACL},
    year = {2020}
}

@article{Xu2020EndtoEndSA,
    title = {End-to-End Slot Alignment and Recognition for Cross-Lingual NLU},
    author = {Weijia Xu and Batool Haider and Saab Mansour},
    journal = {ArXiv},
    year = {2020},
    volume = {abs/2004.14353}
}

@article{Liu2020WhatMM,
    title = {What makes multilingual BERT multilingual?},
    author = {Chi-Liang Liu and Tsung-Yuan Hsu and Yung-Sung Chuang and Hung-yi Lee},
    journal = {ArXiv},
    year = {2020},
    volume = {abs/2010.10938}
}

@article{Weld2021ASO,
    title = {A survey of joint intent detection and slot-filling models in natural language understanding},
    author = {H. Weld and X. Huang and S. Long and J. Poon and S. Han},
    journal = {ArXiv},
    year = {2021},
    volume = {abs/2101.08091}
}

@inproceedings{Wu2019BetoBB,
    title = {Beto, Bentz, Becas: The Surprising Cross-Lingual Effectiveness of BERT},
    author = {Shijie Wu and Mark Dredze},
    booktitle = {EMNLP/IJCNLP},
    year = {2019}
}

@inproceedings{klementiev-etal-2012-inducing,
    title = "Inducing Crosslingual Distributed Representations of Words",
    author = "Klementiev, Alexandre  and
      Titov, Ivan  and
      Bhattarai, Binod",
    booktitle = "Proceedings of {COLING} 2012",
    month = dec,
    year = "2012",
    address = "Mumbai, India",
    publisher = "The COLING 2012 Organizing Committee",
    url = "https://www.aclweb.org/anthology/C12-1089",
    pages = "1459--1474",
}

@article{Vaswani2017AttentionIA,
    title = {Attention is All you Need},
    author = {Ashish Vaswani and Noam M. Shazeer and Niki Parmar and Jakob Uszkoreit and Llion Jones and Aidan N. Gomez and Lukasz Kaiser and Illia Polosukhin},
    journal = {ArXiv},
    year = {2017},
    volume = {abs/1706.03762}
}

@inproceedings{huang-etal-2019-unicoder,
    title = "{U}nicoder: A Universal Language Encoder by Pre-training with Multiple Cross-lingual Tasks",
    author = "Huang, Haoyang  and
      Liang, Yaobo  and
      Duan, Nan  and
      Gong, Ming  and
      Shou, Linjun  and
      Jiang, Daxin  and
      Zhou, Ming",
    booktitle = "Proceedings of the 2019 Conference on Empirical Methods in Natural Language Processing and the 9th International Joint Conference on Natural Language Processing (EMNLP-IJCNLP)",
    month = nov,
    year = "2019",
    address = "Hong Kong, China",
    publisher = "Association for Computational Linguistics",
    url = "https://www.aclweb.org/anthology/D19-1252",
    doi = "10.18653/v1/D19-1252",
    pages = "2485--2494",
}
